@article{dimatteo2001bayesian,
  title={Bayesian curve-fitting with free-knot splines},
  author={DiMatteo, I. and Genovese, C.R. and Kass, R.E.},
  journal={Biometrika},
  volume={88},
  number={4},
  pages={1055--1071},
  year={2001},
  publisher={Biometrika Trust}
}

@article{denison1998automatic,
  title={Automatic Bayesian curve fitting},
  author={Denison, DGT and Mallick, BK and Smith, AFM},
  journal={Journal of the Royal Statistical Society: Series B (Statistical Methodology)},
  volume={60},
  number={2},
  pages={333--350},
  year={1998},
  publisher={Wiley Online Library}
}

@article{muller1996bayesian,
  title={Bayesian curve fitting using multivariate normal mixtures},
  author={M{\"u}ller, P. and Erkanli, A. and West, M.},
  journal={Biometrika},
  volume={83},
  number={1},
  pages={67--79},
  year={1996},
  publisher={Biometrika Trust}
}

@book{hastie1990generalized,
  title={Generalized additive models},
  author={Hastie, T.J. and Tibshirani, R.J.},
  year={1990},
  publisher={Chapman \& Hall/CRC}
}

@article{green1995reversible,
  title={Reversible jump Markov chain Monte Carlo computation and Bayesian model determination},
  author={Green, P.J.},
  journal={Biometrika},
  volume={82},
  number={4},
  pages={711--732},
  year={1995},
  publisher={Biometrika Trust}
}
