@article{dimatteo2001bayesian,
  title={Bayesian curve-fitting with free-knot splines},
  author={DiMatteo, I. and Genovese, C.R. and Kass, R.E.},
  journal={Biometrika},
  volume={88},
  number={4},
  pages={1055--1071},
  year={2001},
  publisher={Biometrika Trust}
}

@article{denison1998automatic,
  title={Automatic Bayesian curve fitting},
  author={Denison, DGT and Mallick, BK and Smith, AFM},
  journal={Journal of the Royal Statistical Society: Series B (Statistical Methodology)},
  volume={60},
  number={2},
  pages={333--350},
  year={1998},
  publisher={Wiley Online Library}
}

@article{muller1996bayesian,
  title={Bayesian curve fitting using multivariate normal mixtures},
  author={M{\"u}ller, P. and Erkanli, A. and West, M.},
  journal={Biometrika},
  volume={83},
  number={1},
  pages={67--79},
  year={1996},
  publisher={Biometrika Trust}
}

@book{hastie1990generalized,
  title={Generalized additive models},
  author={Hastie, T.J. and Tibshirani, R.J.},
  year={1990},
  publisher={Chapman \& Hall/CRC}
}

@article{green1995reversible,
  title={Reversible jump Markov chain Monte Carlo computation and Bayesian model determination},
  author={Green, P.J.},
  journal={Biometrika},
  volume={82},
  number={4},
  pages={711--732},
  year={1995},
  publisher={Biometrika Trust}
}

@article{inoue1986least,
  title={A least-squares smooth fitting for irregularly spaced data;
                  finite-element approach using the cubic B-spline
                  basis},
  author={Inoue, H.},
  journal={Geophysics},
  volume={51},
  number={11},
  pages={2051--2066},
  year={1986},
  publisher={Society of Exploration Geophysicists}
}

@article{akima1970new,
  title={A new method of interpolation and smooth curve fitting based on local procedures},
  author={Akima, H.},
  journal={Journal of the ACM (JACM)},
  volume={17},
  number={4},
  pages={589--602},
  year={1970},
  publisher={ACM}
}
